<record><leader>00000cas a22000007a 4500</leader><controlfield tag="001">16000438</controlfield><controlfield tag="008">870619d185u186uinuwr ne      0    0eng d</controlfield><datafield ind1=" " ind2=" " tag="010"><subfield code="a">sn 87056263 </subfield></datafield><datafield ind1=" " ind2=" " tag="040"><subfield code="a">NPI</subfield><subfield code="b">eng</subfield><subfield code="c">NPI</subfield><subfield code="d">NYS</subfield><subfield code="d">NPI</subfield><subfield code="d">OCLCQ</subfield></datafield><datafield ind1=" " ind2=" " tag="042"><subfield code="a">msc</subfield></datafield><datafield ind1="0" ind2="0" tag="245"><subfield code="a">Laporte weekly union.</subfield></datafield><datafield ind1="3" ind2="0" tag="246"><subfield code="a">La Porte weekly union</subfield></datafield><datafield ind1=" " ind2=" " tag="260"><subfield code="a">La Porte, Ind. :</subfield><subfield code="b">John Millikan</subfield></datafield><datafield ind1=" " ind2=" " tag="300"><subfield code="a">v.</subfield></datafield><datafield ind1=" " ind2=" " tag="310"><subfield code="a">Weekly</subfield></datafield><datafield ind1=" " ind2=" " tag="588"><subfield code="a">Description based on: Vol. 22, no. 30 (Feb. 15, 1860).</subfield></datafield><datafield ind1=" " ind2=" " tag="752"><subfield code="a">United States</subfield><subfield code="b">Indiana</subfield><subfield code="c">LaPorte</subfield><subfield code="d">LaPorte.</subfield></datafield><datafield ind1="0" ind2="0" tag="780"><subfield code="t">Porte union (LaPorte, Ind.)</subfield><subfield code="w">(DLC)sn 87056264</subfield></datafield><datafield ind1="0" ind2="0" tag="785"><subfield code="t">Laporte union</subfield><subfield code="w">(DLC)sn 84023996</subfield></datafield></record>